% Encoding: UTF-8

@Misc{fachadmin.de:ServerClient,
  author  = "{fachadmin.de}",
  title   = {\emph{Server-Client Prinzip}},
  year    = {2011},
  howpublished     = {\url{https://www.fachadmin.de/index.php?title=Client-Server_Prinzip&oldid=3425}},
  note = {Abgerufen am: 01.05.18},
}

@Book{IT-Handbuch,
  author    = {Sascha Kersken},
  title     = {IT-Handbuch für Fachinformatiker},
  year      = {2017},
  volume    = {8., aktualisierte Auflage},
  publisher = {Rheinwerk Verlag GmbH},
  pagetotal = {1313},
}

@Misc{tecmint.com,
	author  = "{tecmint.com}",
	title   = {\emph{MySQL and MariaDB}},
	year    = {2017},
	howpublished     = {\url{https://www.tecmint.com/the-story-behind-acquisition-of-mysql-and-the-rise-of-mariadb/}},
	note = {Abgerufen am: 03.05.18},
}

@Misc{ERM,
	author  = {Markus Begerow},
	title   = {\emph{Entity-Relationship-Modell (ER-Modell / ERM)}},
	howpublished     = {\url{http://www.datenbanken-verstehen.de/datenmodellierung/entity-relationship-modell//}},
	note = {Abgerufen am: 03.05.18},
}

@Misc{ERM2,
	author  = "{Universität Göttingen}",
	title   = {\emph{Datenmodellierung mit dem Entity Relationship-Modell}},
	howpublished     = {\url{http://www.winfoline.uni-goettingen.de/gast/eas/html/text/5/2/text_3.htm}},
	note = {Abgerufen am: 03.05.18},
}


@Misc{PHP,
	author  = {php.net},
	title   = {\emph{What is PHP?}},
	howpublished     = {\url{http://php.net/manual/de/intro-whatis.php}},
	note = {Abgerufen am: 03.05.18},
}

@Misc{PHP:function,
	author  = "{Alpen-Adria-Gymnasiums Völkermarkt}",
	title   = {\emph{Wie funktioniert PHP?}},
	howpublished     = {\url{http://www.gym1.at/schulinformatik/aus-fortbildung/fachdidaktik/vo-01/php/wie_funktioniert_php.htm}},
	note = {Abgerufen am: 03.05.18},
}

@Misc{JSON,
	author  = "{json.org}",
	title   = {\emph{Introducing JSON}},
	howpublished     = {\url{https://www.json.org/json-de.html}},
	note = {Abgerufen am: 03.05.18},
}

@Misc{Firebase,
	author  = {Rajat S},
	title   = {\emph{Introduction to Firebase}},
	howpublished     = {\url{https://hackernoon.com/introduction-to-firebase-218a23186cd7}},
	note = {Abgerufen am: 05.05.18},
}

@Misc{RealtimeDatabase,
	author  = {Wolfram Wingerath},
	title   = {\emph{Real-Time Databases Explained}},
	howpublished     = {\url{https://www.youtube.com/watch?v=HiQgQ88AdYo}},
	note = {Abgerufen am: 05.05.18},
}

@Misc{FirebaseRTDB,
	author  = "{Firebase}",
	title   = {\emph{Firebase Realtime Database}},
	year	= {2018},
	howpublished     = {\url{https://firebase.google.com/docs/database/}},
	note = {Abgerufen am: 05.05.18},
}


@Misc{android,
	author  = {John Callaham},
	title   = {\emph{The history of Android OS: its name, origin and more}},
	year	= {2018},
	howpublished     = {\url{https://www.androidauthority.com/history-android-os-name-789433/}},
	note = {Abgerufen am: 07.05.18},
}


@Misc{volley,
	author  = "{Android}",
	title   = {\emph{Volley overview}},
	year	= {2018},
	howpublished     = {\url{https://developer.android.com/training/volley/}},
	note = {Abgerufen am: 07.05.18},
}

@Misc{mvp,
	author  = {Unbekannter Author},
	title   = {\emph{Presentation Patterns : MVC, MVP, PM, MVVM}},
	year	= {2012},
	howpublished     = {\url{https://manojjaggavarapu.wordpress.com/2012/05/02/presentation-patterns-mvc-mvp-pm-mvvm/}},
	note = {Abgerufen am: 10.05.18},
}

@Misc{defuse,
	author  = {Defuse Security},
	title   = {\emph{Salted Password Hashing - Doing it Right}},
	year	= {},
	howpublished     = {\url{https://crackstation.net/hashing-security.htm}},
	note = {Abgerufen am: 12.05.18},
}

@Misc{security,
	author  = {Paul Ducklin},
	title   = {\emph{Serious Security: How to store your users' password safely}},
	year	= {2013},
	howpublished     = {\url{https://nakedsecurity.sophos.com/2013/11/20/serious-security-how-to-store-your-users-passwords-safely/}},
	note = {Abgerufen am: 12.05.18},
}
@Misc{preparedstatement,
	author  = "{W3Schools}",
	title   = {\emph{PHP Prepared Statements}},
	year	= {},
	howpublished     = {\url{https://www.w3schools.com/php/php_mysql_prepared_statements.asp}},
	note = {Abgerufen am: 26.05.18},
}

@Misc{TeXnological,
	author  = {Sergio},
	title   = {\emph{Convert Hex string to byte array and vice versa using Java}},
	year	= {2014},
	howpublished     = {\url{http://texnological.blogspot.com/2014/01/convert-hex-string-to-byte-array-and.html}},
	note = {Abgerufen am: 25.07.18},
}

@Misc{EasyImage,
	author  = {Jacek Kwiecień},
	title   = {\emph{EasyImage}},
	year	= {2015},
	howpublished     = {\url{https://github.com/jkwiecien/EasyImage}},
	note = {Abgerufen am: 31.07.18},
}

@Misc{Cropper,
	author  = {Arthur Teplitzki},
	title   = {\emph{Android Image Cropper}},
	year	= {2016},
	howpublished     = {\url{https://github.com/ArthurHub/Android-Image-Cropper}},
	note = {Abgerufen am: 31.07.18},
}

@Misc{edmodo,
	author  = "{Edmodo Inc.}",
	title   = {\emph{Cropper}},
	year	= {2013},
	howpublished     = {\url{https://github.com/edmodo/cropper}},
	note = {Abgerufen am: 31.07.18},
}

@Misc{dsgvoschweiz,
	author  = {Daniela Windelband},
	title   = {\emph{Die Schweiz und die Datenschutzgrundverordnung}},
	year	= {2018},
	howpublished     = {\url{https://www.datenschutz-notizen.de/die-schweiz-und-die-datenschutzgrundverordnung-0020134/}},
	note = {Abgerufen am: 01.08.18},
}

@Comment{jabref-meta: databaseType:biblatex;}
