% Encoding: UTF-8

@Misc{fachadmin.de:ServerClient,
  author  = "{fachadmin.de}",
  title   = {\emph{Server-Client Prinzip}},
  year    = {2011},
  howpublished     = {\url{https://www.fachadmin.de/index.php?title=Client-Server_Prinzip&oldid=3425}},
  note = {Abgerufen am: 01.05.2018},
}

@Book{IT-Handbuch,
  author    = {Sascha Kersken},
  title     = {IT-Handbuch für Fachinformatiker},
  year      = {2017},
  volume    = {8., aktualisierte Auflage},
  publisher = {Rheinwerk Verlag GmbH},
  pagetotal = {1313},
}

@Misc{tecmint.com,
	author  = "{tecmint.com}",
	title   = {\emph{MySQL and MariaDB}},
	year    = {2017},
	howpublished     = {\url{https://www.tecmint.com/the-story-behind-acquisition-of-mysql-and-the-rise-of-mariadb/}},
	note = {Abgerufen am: 03.05.2018},
}

@Misc{ERM,
	author  = {Markus Begerow},
	title   = {\emph{Entity-Relationship-Modell (ER-Modell / ERM)}},
	howpublished     = {\url{http://www.datenbanken-verstehen.de/datenmodellierung/entity-relationship-modell//}},
	note = {Abgerufen am: 03.05.2018},
}

@Misc{ERM2,
	author  = "{Universität Göttingen}",
	title   = {\emph{Datenmodellierung mit dem Entity Relationship-Modell}},
	howpublished     = {\url{http://www.winfoline.uni-goettingen.de/gast/eas/html/text/5/2/text_3.htm}},
	note = {Abgerufen am: 03.05.2018},
}


@Misc{PHP,
	author  = {php.net},
	title   = {\emph{What is PHP?}},
	howpublished     = {\url{http://php.net/manual/de/intro-whatis.php}},
	note = {Abgerufen am: 03.05.2018},
}

@Misc{PHP:function,
	author  = "{Alpen-Adria-Gymnasiums Völkermarkt}",
	title   = {\emph{Wie funktioniert PHP?}},
	howpublished     = {\url{http://www.gym1.at/schulinformatik/aus-fortbildung/fachdidaktik/vo-01/php/wie_funktioniert_php.htm}},
	note = {Abgerufen am: 03.05.2018},
}

@Misc{JSON,
	author  = "{json.org}",
	title   = {\emph{Introducing JSON}},
	howpublished     = {\url{https://www.json.org/json-de.html}},
	note = {Abgerufen am: 03.05.2018},
}

@Misc{Firebase,
	author  = {Rajat S},
	title   = {\emph{Introduction to Firebase}},
	howpublished     = {\url{https://hackernoon.com/introduction-to-firebase-218a23186cd7}},
	note = {Abgerufen am: 05.05.2018},
}

@Misc{RealtimeDatabase,
	author  = {Wolfram Wingerath},
	title   = {\emph{Real-Time Databases Explained}},
	howpublished     = {\url{https://www.youtube.com/watch?v=HiQgQ88AdYo}},
	note = {Abgerufen am: 05.05.2018},
}

@Misc{FirebaseRTDB,
	author  = "{Firebase}",
	title   = {\emph{Firebase Realtime Database}},
	year	= {2018},
	howpublished     = {\url{https://firebase.google.com/docs/database/}},
	note = {Abgerufen am: 05.05.2018},
}


@Misc{android,
	author  = {John Callaham},
	title   = {\emph{The history of Android OS: its name, origin and more}},
	year	= {2018},
	howpublished     = {\url{https://www.androidauthority.com/history-android-os-name-789433/}},
	note = {Abgerufen am: 07.05.2018},
}


@Misc{volley,
	author  = "{Android Developers}",
	title   = {\emph{Volley overview}},
	year	= {2018},
	howpublished     = {\url{https://developer.android.com/training/volley/}},
	note = {Abgerufen am: 07.05.2018},
}

@Misc{mvp,
	author  = "{Unbekannter Author}",
	title   = {\emph{Presentation Patterns : MVC, MVP, PM, MVVM}},
	year	= {2012},
	howpublished     = {\url{https://manojjaggavarapu.wordpress.com/2012/05/02/presentation-patterns-mvc-mvp-pm-mvvm/}},
	note = {Abgerufen am: 10.05.2018},
}

@Misc{defuse,
	author  = {Defuse Security},
	title   = {\emph{Salted Password Hashing - Doing it Right}},
	year	= {},
	howpublished     = {\url{https://crackstation.net/hashing-security.htm}},
	note = {Abgerufen am: 12.05.2018},
}

@Misc{security,
	author  = {Paul Ducklin},
	title   = {\emph{Serious Security: How to store your users' password safely}},
	year	= {2013},
	howpublished     = {\url{https://nakedsecurity.sophos.com/2013/11/20/serious-security-how-to-store-your-users-passwords-safely/}},
	note = {Abgerufen am: 12.05.2018},
}
@Misc{preparedstatement,
	author  = "{W3Schools}",
	title   = {\emph{PHP Prepared Statements}},
	year	= {},
	howpublished     = {\url{https://www.w3schools.com/php/php_mysql_prepared_statements.asp}},
	note = {Abgerufen am: 26.05.2018},
}

@Misc{TeXnological,
	author  = {Sergio},
	title   = {\emph{Convert Hex string to byte array and vice versa using Java}},
	year	= {2014},
	howpublished     = {\url{http://texnological.blogspot.com/2014/01/convert-hex-string-to-byte-array-and.html}},
	note = {Abgerufen am: 25.07.2018},
}

@Misc{EasyImage,
	author  = {Jacek Kwiecień},
	title   = {\emph{EasyImage}},
	year	= {2015},
	howpublished     = {\url{https://github.com/jkwiecien/EasyImage}},
	note = {Abgerufen am: 31.07.2018},
}

@Misc{Cropper,
	author  = {Arthur Teplitzki},
	title   = {\emph{Android Image Cropper}},
	year	= {2016},
	howpublished     = {\url{https://github.com/ArthurHub/Android-Image-Cropper}},
	note = {Abgerufen am: 31.07.2018},
}

@Misc{edmodo,
	author  = "{Edmodo Inc.}",
	title   = {\emph{Cropper}},
	year	= {2013},
	howpublished     = {\url{https://github.com/edmodo/cropper}},
	note = {Abgerufen am: 31.07.2018},
}

@Misc{dsgvoschweiz,
	author  = {Daniela Windelband},
	title   = {\emph{Die Schweiz und die Datenschutzgrundverordnung}},
	year	= {2018},
	howpublished     = {\url{https://www.datenschutz-notizen.de/die-schweiz-und-die-datenschutzgrundverordnung-0020134/}},
	note = {Abgerufen am: 01.08.2018},
}

@Misc{android:APILevel,
	author  = "{Android Developers}",
	title   = {\emph{uses-sdk (What is API Level?)}},
	year	= {2018},
	howpublished     = {\url{https://developer.android.com/guide/topics/manifest/uses-sdk-element}},
	note = {Abgerufen am: 27.08.2018},
}

@Misc{GPL,
	author  = "{Free Software Foundation}",
	title   = {\emph{GNU General Public License, Version 3, 29 June 2007}},
	year	= {2007},
	howpublished     = {\url{https://www.gnu.org/licenses/gpl-3.0.de.html}},
	note = {Abgerufen am: 28.08.2018},
}

@Misc{proprietaereLizenz,
	author  = {Till Kreutzer},
	title   = {\emph{Proprietäre Softwarelizenzen: Standard für kommerzielle Programme}},
	year	= {2005},
	howpublished     = {\url{https://irights.info/artikel/standard-fr-kommerzielle-programme/5028}},
	note = {Abgerufen am: 28.08.2018},
}

@Misc{webserver,
	author  = {Tom Berchem},
	title   = {\emph{Know-How: Was ist ein Webserver?}},
	year	= {2013},
	howpublished     = {\url{https://blog.botfrei.de/2013/01/webserver-die-qual-der-wahl/}},
	note = {Abgerufen am: 28.08.2018},
}


@Misc{firebaseStructure,
	author  = "{Firebase}",
	title   = {\emph{Structure Your Database}},
	year	= {2018},
	howpublished     = {\url{https://firebase.google.com/docs/database/android/structure-data}},
	note = {Abgerufen am: 31.08.2018},
}

@Misc{base64,
	author  = "{Erutuon}",
	title   = {\emph{Base64 encoding and decoding}},
	year	= {2018},
	howpublished     = {\url{https://developer.mozilla.org/en-US/docs/Web/API/WindowBase64/Base64_encoding_and_decoding}},
	note = {Abgerufen am: 01.09.2018},
}

@Misc{androidJava,
	author  = {Troy Patrick},
	title   = {\emph{The Relationship Between Android and Java}},
	year	= {2018},
	howpublished     = {\url{https://theiconic.tech/android-java-fdbd55aadc51}},
	note = {Abgerufen am: 02.09.2018},
}

@Misc{bytecode,
	author  = "{Tech Terms}",
	title   = {\emph{Bytecode}},
	year	= {2018},
	howpublished     = {\url{https://techterms.com/definition/bytecode}},
	note = {Abgerufen am: 03.09.2018},
}

@Misc{xml,
	author  = "{Epicodus}",
	title   = {\emph{Introduction to XML and Android Layouts}},
	year	= {2018},
	howpublished     = {\url{https://www.learnhowtoprogram.com/android/introduction-to-android/introduction-to-xml-and-android-layouts}},
	note = {Abgerufen am: 03.09.2018},
}

@Misc{xmlW3,
	author  = "{W3Schools}",
	title   = {\emph{Introduction to XML}},
	year	= {2018},
	howpublished     = {\url{https://www.w3schools.com/xml/xml_whatis.asp}},
	note = {Abgerufen am: 03.09.2018},
}

@Misc{androidStudio,
	author  = "{Android Studio}",
	title   = {\emph{Android Studio (Hautpseite mit Download)}},
	year	= {2018},
	howpublished     = {\url{https://developer.android.com/studio/}},
	note = {Abgerufen am: 03.09.2018},
}

@Misc{context,
	author  = "{Android Studio}",
	title   = {\emph{Context}},
	year	= {2018},
	howpublished	={\url{https://developer.android.com/reference/android/content/Context}},
	note = {Abgerufen am: 04.09.2018},
}

@Misc{memberVariables,
	author  = "{Oracle}",
	title   = {\emph{Declaring Member Variables}},
	year	= {2018},
	howpublished	={\url{https://docs.oracle.com/javase/tutorial/java/javaOO/variables.html}},
	note = {Abgerufen am: 06.09.2018},
}

@Misc{accessorsAndMutators,
	author  = {Paul Leahy},
	title   = {\emph{Accessors and Mutators}},
	year	= {2018},
	howpublished	={\url{https://www.thoughtco.com/accessors-and-mutators-2034335}},
	note = {Abgerufen am: 06.09.2018},
}

@Misc{cache,
	author  = "{Android Developers}",
	title   = {\emph{Data and file storage overview}},
	year	= {2018},
	howpublished	={\url{https://developer.android.com/guide/topics/data/data-storage}},
	note = {Abgerufen am: 15.09.2018},
}

@Misc{firebaseVSfirestore,
	author  = {Matthew Tea},
	title   = {\emph{Choosing a Firebase Database For Your App: Realtime Database vs. Cloud Firestore}},
	year	= {2018},
	howpublished	={\url{https://savvyapps.com/blog/firebase-realtime-database-vs-cloud-firestore-for-your-app}},
	note = {Abgerufen am: 20.09.2018},
}

@Misc{benchmark,
	author  = {Jeremy M. Gosney},
	title   = {\emph{8x Nvidia GTX 1080 Hashcat Benchmarks}},
	year	= {2016},
	howpublished	={\url{https://gist.github.com/epixoip/a83d38f412b4737e99bbef804a270c40}},
	note = {Abgerufen am: 23.09.2018},
}

@Misc{bcrypt,
	author  = {Dustin Boswell},
	title   = {\emph{Storing User Passwords Securely: hashing, salting, and Bcrypt}},
	year	= {2012},
	howpublished	={\url{http://dustwell.com/how-to-handle-passwords-bcrypt.html}},
	note = {Abgerufen am: 23.09.2018},
}

@Misc{apache,
	author  = "{The Apache Software Foundation}",
	title   = {\emph{How Apache Came to Be}},
	year	= {Unbekannt},
	howpublished	={\url{http://httpd.apache.org/ABOUT_APACHE.html}},
	note = {Abgerufen am: 02.10.2018},
}

@Misc{webhost,
	author  = "{Hostinger}",
	title   = {\emph{000Webhost}},
	year	= {Unbekannt},
	howpublished	={\url{https://www.000webhost.com/}},
	note = {Abgerufen am: 02.10.2018},
}

@Misc{PWLib,
	author  = "{Anthony Ferrera}",
	title   = {\emph{PHP-PasswordLib}},
	year	= {2013},
	howpublished	={\url{https://github.com/ircmaxell/PHP-PasswordLib}},
	note = {Abgerufen am: 09.10.2018},
}

@Misc{bcryptBug,
	author  = "{Ian Boyd}",
	title   = {\emph{BCrypt variants}},
	year	= {2017},
	howpublished	={\url{https://stackoverflow.com/a/36225192}},
	note = {Abgerufen am: 11.10.2018},
}


@Comment{jabref-meta: databaseType:biblatex;}
